<?xml version="1.0" encoding="UTF-8"?><collection xmlns="http://www.loc.gov/MARC21/slim"><record><leader>00638nam--2200193-i-4500</leader><controlfield tag="001">000032206</controlfield><controlfield tag="002">20161230</controlfield><controlfield tag="005">20161230201039</controlfield><controlfield tag="008">060222s1000------------r-----000-0-rum-d</controlfield><datafield ind1=" " ind2=" " tag="040"><subfield code="a">IFIN-HH</subfield></datafield><datafield ind1=" " ind2=" " tag="041"><subfield code="a">rum</subfield></datafield><datafield ind1=" " ind2=" " tag="080"><subfield code="a">537.1</subfield></datafield><datafield ind1="1" ind2=" " tag="100"><subfield code="a">Maxwell, J.C</subfield></datafield><datafield ind1="1" ind2="0" tag="245"><subfield code="a">Tratat elementar de electricitate</subfield><subfield code="b">Traducere in limba romana de prof.univ.dr. ioan dima; prefata de acad.dr. ioan ursu</subfield><subfield code="c">J.c. maxwell</subfield></datafield><datafield ind1=" " ind2=" " tag="260"><subfield code="a">Bucuresti</subfield><subfield code="b">Editura Stiintifica Si Enciclopedica</subfield><subfield code="c">1989</subfield></datafield><datafield ind1=" " ind2=" " tag="300"><subfield code="a">222P</subfield></datafield><datafield ind1=" " ind2=" " tag="500"><subfield code="a">Titlul Original In Limba Engleza: Elementary Treatise On Electricity</subfield></datafield><datafield ind1=" " ind2=" " tag="852"><subfield code="a">79660</subfield><subfield code="c">537:538</subfield></datafield><datafield ind1=" " ind2=" " tag="CAT"><subfield code="a">Sys</subfield><subfield code="c">20110705</subfield><subfield code="h">092615</subfield></datafield></record></collection>